@article{Ding2005,
author = {Ding, Yihui and Chan, Johnny C. L.},
doi = {10.1007/s00703-005-0125-z},
journal = {Meteorol. Atmos. Phys.},
pages = {117--142},
title = {{The East Asian summer monsoon: an overview}},
volume = {89},
year = {2005}
}
@article{Molnar2010,
author = {Molnar, Peter and Boos, William R. and Battisti, David S.},
doi = {10.1146/annurev-earth-040809-152456},
journal = {Annu. Rev. Earth Planet. Sci.},
pages = {77--102},
title = {{Orographic Controls on Climate and Paleoclimate of Asia: Thermal and Mechanical Roles for the Tibetan Plateau}},
volume = {38},
year = {2010}
}
@article{Sampe2010,
author = {Sampe, Takeaki and Xie, Shang-Ping},
doi = {10.1175/2009JCLI3128.1},
journal = {J. Climate},
pages = {113--134},
title = {{Large-Scale Dynamics of the Meiyu-Baiu Rainband: Environmental Forcing by the Westerly Jet}},
volume = {23},
year = {2010}
}
@article{Chen2014,
author = {Chen, Jinqiang and Bordoni, Simona},
doi = {10.1175/JCLI-D-13-00479.1},
journal = {J. Climate},
pages = {3052--3072},
title = {{Orographic Effects of the Tibetan Plateau on the East Asian Summer Monsoon: An Energetic Perspective}},
volume = {27},
year = {2014}
}
@article{Hu1997,
author = {Hu, Zeng-Zhen},
doi = {10.1029/97JD01052},
journal = {J. Geophys. Res.},
pages = {19403},
title = {{Interdecadal variability of summer climate over East Asia and its association with 500 hPa height and global sea surface temperature}},
volume = {102},
year = {1997}
}
@article{Gong2002,
author = {Gong, Dao-Yi and Ho, Chang-Hoi},
doi = {10.1029/2001GL014523},
journal = {Geophys. Res. Lett.},
pages = {1436},
title = {{Shift in the summer rainfall over the Yangtze River valley in the late 1970s}},
volume = {29},
year = {2002}
}
@incollection{Nigam2013,
author = {Nigam, Sumant and Zhao, Yongjing and Zhou, Tianjun},
booktitle = {Climate Change: Multidecadal and Beyond},
editor = {{Michael Ghil, Mojif Latif}, Mike Wallace and C.P. Chan},
publisher = {World Press},
title = {{The south-flood north-drought pattern over Eastern China and the drying of the Gangetic Plain}},
volume = {1},
year = {2013}
}
@incollection{Chen2004,
address = {Singapore},
author = {Chen, George Tai-Jen},
booktitle = {East Asian Monsoon},
editor = {Chang, C.-P.},
pages = {357--403},
publisher = {World Scientific},
title = {{Research on the phenomena of Meiyu during the past quarter century: An overview}},
year = {2004}
}
@article{Ge2008,
author = {Ge, QuanSheng and Guo, XiFeng and Zheng, JingYun and Hao, ZhiXin},
doi = {10.1007/s11434-007-0440-5},
journal = {Chinese Sci. Bull.},
pages = {107--114},
title = {{Meiyu in the middle and lower reaches of the Yangtze River since 1736}},
volume = {53},
year = {2008}
}
@article{Xu2009,
author = {Xu, Weixin and Zipser, Edward J. and Liu, Chuntao},
doi = {10.1175/2009MWR2982.1},
journal = {Mon. Weather Rev.},
pages = {4261--4275},
title = {{Rainfall Characteristics and Convective Properties of Mei-Yu Precipitation Systems over South China, Taiwan, and the South China Sea. Part I: TRMM Observations}},
volume = {137},
year = {2009}
}
@article{Tian1998,
author = {Tian, Shao-Fen and Yasunari, Tetsuzo},
journal = {J. Meteorol. Soc. Japan},
pages = {57--71},
title = {{Climatological Aspects and Mechanism of Spring Persistent Rains over Central China}},
volume = {76},
year = {1998}
}
@article{Wang2002,
author = {Wang, Bin and LinHo},
journal = {J. Climate},
pages = {386--398},
title = {{Rainy Season of the Asian-Pacific Summer Monsoon}},
volume = {15},
year = {2002}
}
@article{Chen2007,
author = {Chen, Ching-Sen and Chen, Yi-Leng and Liu, Che-Ling and Lin, Pay-Liam and Chen, Wan-Chin},
doi = {10.1175/WAF1033.1},
isbn = {0882-8156},
issn = {0882-8156},
journal = {Weather Forecast.},
number = {5},
pages = {981--1002},
title = {{Statistics of Heavy Rainfall Occurrences in Taiwan}},
volume = {22},
year = {2007}
}
@article{Chen2011,
author = {Chen, Jau-Ming and Chen, Hui-Shan},
doi = {10.1175/2011JCLI4043.1},
journal = {J. Climate},
pages = {5786--5798},
title = {{Interdecadal Variability of Summer Rainfall in Taiwan Associated with Tropical Cyclones and Monsoon}},
volume = {24},
year = {2011}
}
@article{Liu2003,
author = {Liu, K. S. and Chan, Johnny C. L.},
journal = {Mon. Weather Rev.},
pages = {1650--1662},
title = {{Climatological characteristics and seasonal forecasting of tropical cyclones making landfall along the South China coast}},
volume = {131},
year = {2003}
}
@article{Chen1994,
author = {Chen, George Tai-Jen},
doi = {10.1248/cpb.37.3229},
journal = {J. Meteorol. Soc. Japan},
pages = {959--983},
title = {{Large-Scale Circulations Associated with the East Asian Summer Monsoon and the Mei-Yu over South China and Taiwan}},
volume = {72},
year = {1994}
}
@article{Kwon2007,
author = {Kwon, MinHo and Jhun, Jong-Ghap and Ha, Kyung-Ja},
doi = {10.1029/2007GL031977},
journal = {Geophys. Res. Lett.},
pages = {L21706},
title = {{Decadal change in east Asian summer monsoon circulation in the mid-1990s}},
volume = {34},
year = {2007}
}
@article{Wu2010,
author = {Wu, Renguang and Wen, Zhiping and Yang, Song and Li, Yueqing},
doi = {10.1175/2009JCLI3336.1},
journal = {J. Climate},
pages = {2389--2403},
title = {{An Interdecadal Change in Southern China Summer Rainfall around 1992/93}},
volume = {23},
year = {2010}
}
@article{Yim2013,
author = {Yim, So-Young and Wang, Bin and Kwon, MinHo},
doi = {10.1007/s00382-013-1760-6},
journal = {Clim. Dyn.},
pages = {1325--1333},
title = {{Interdecadal change of the controlling mechanisms for East Asian early summer rainfall variation around the mid-1990s}},
volume = {42},
year = {2013}
}
@article{Yu2010,
author = {Yu, Rucong and Li, Jian and Yuan, Weihua and Chen, Haoming},
isbn = {1520-0442},
issn = {08948755},
journal = {J. Climate},
pages = {3390--3396},
title = {{Changes in characteristics of late-summer precipitation over eastern China in the past 40 years revealed by hourly precipitation data}},
volume = {23},
year = {2010}
}
@article{Xin2006,
author = {Xin, Xiaoge and Yu, Rucong and Zhou, Tianjun and Wang, Bin},
doi = {10.1175/JCLI3794.1},
issn = {08948755},
journal = {J. Climate},
pages = {3197--3206},
title = {{Drought in late spring of South China in recent decades}},
volume = {19},
year = {2006}
}
@article{Zou2015,
author = {Zou, Xukai and Ren, Fumin},
doi = {10.1007/s00376-014-4127-y.1.},
journal = {Advances in Atmos. Sci.},
pages = {704--714},
title = {{Changes in Regional Heavy Rainfall Events in China during 1961-2012}},
volume = {32},
year = {2015}
}
@article{Xu2001,
author = {Xu, Q.},
doi = {10.1016/S1352-2310(01)00315-6},
journal = {Atmos. Environ.},
pages = {5029--5040},
title = {{Abrupt change of the mid-summer climate in central east China by the influence of atmospheric pollution}},
volume = {35},
year = {2001}
}
@article{Li2010,
author = {Li, Jianping and Wu, Zhiwei and Jiang, Zhihong and He, Jinhai},
doi = {10.1175/2010JCLI3434.1},
journal = {J. Climate},
pages = {6696--6705},
title = {{Can global warming strengthen the East Asian summer monsoon?}},
volume = {23},
year = {2010}
}
@article{Zhao2010,
author = {Zhao, Ping and Yang, Song and Yu, Rucong},
doi = {10.1175/2009JCLI2660.1},
journal = {J. Climate},
pages = {1544--1562},
title = {{Long-Term Changes in Rainfall over Eastern China and Large-Scale Atmospheric Circulation Associated with Recent Global Warming}},
volume = {23},
year = {2010}
}
@article{Zhang1999,
author = {Zhang, Renhe and Sumi, Akimasa and Kimoto, Masahide},
journal = {Adv. Atmos. Sci.},
pages = {229--241},
title = {{A Diagnostic Study of the Impact of El Ni\~{n}o on the Precipitation in China}},
year = {1999},
volume= {16}
}
@article{Lei2014,
author = {Lei, Yonghui and Hoskins, Brian and Slingo, Julia},
doi = {10.1007/s00382-013-1726-8},
journal = {Clim. Dyn.},
pages = {417--432},
title = {{Natural variability of summer rainfall over China in HadCM3}},
volume = {42},
year = {2014}
}
@article{Menon2002,
author = {Menon, Surabi and Hansen, James and Nazarenko, Larissa and Luo, Yunfeng},
journal = {Science},
pages = {2250--2253},
title = {{Climate effects of black carbon aerosols in China and India.}},
volume = {297},
year = {2002}
}
@article{Fan2012,
author = {Fan, Jiwen and Rosenfeld, Daniel and Ding, Yanni and Leung, L. Ruby and Li, Zhanqing},
doi = {10.1029/2012GL051851},
journal = {Geophys. Res. Lett.},
pages = {1--7},
title = {{Potential aerosol indirect effects on atmospheric circulation and radiative forcing through deep convection}},
volume = {39},
year = {2012}
}
@article{Streets2013,
author = {Streets, David G. and Shindell, Drew T. and Lu, Zifeng and Faluvegi, Greg},
doi = {10.1002/grl.50805},
journal = {Geophys. Res. Lett.},
pages = {4409--4414},
title = {{Radiative forcing due to major aerosol emitting sectors in China and India}},
volume = {40},
year = {2013}
}
@article{Choi2008,
author = {Choi, Yong Sang and Ho, Chang Hoi and Kim, Jinwon and Gong, Dao Yi and Park, Rokjin J.},
doi = {10.1175/2007JAMC1745.1},
journal = {J. Appl. Meteorol. Climatol.},
pages = {1802--1813},
title = {{The impact of aerosols on the summer rainfall frequency in China}},
volume = {47},
year = {2008}
}
@article {Wang2016,
author = {Wang, Yuan and Ma, Po-Lun and Jiang, Jonathan H. and Su, Hui and Rasch, Philip J.},
title = {Toward reconciling the influence of atmospheric aerosols and greenhouse gases on light precipitation changes in Eastern China},
journal = {Journal of Geophysical Research: Atmospheres},
volume = {121},
doi = {10.1002/2016JD024845},
pages = {5878--5887},
year = {2016},
}
@article{Qu2012,
author = {Qu, Xia and Huang, Gang},
doi = {10.1002/joc.2378},
journal = {Int. J. Climatol.},
pages = {2073--2080},
title = {{Impacts of tropical Indian Ocean SST on the meridional displacement of East Asian jet in boreal summer}},
volume = {32},
year = {2012}
}
@article{Xie2010,
author = {Xie, Shang-Ping and Du, Yan and Huang, Gang and Zheng, Xiao-Tong and Tokinaga, Hiroki and Hu, Kaiming and Liu, Qinyu},
doi = {10.1175/2010JCLI3429.1},
journal = {J. Climate},
pages = {3352--3368},
title = {{Decadal Shift in El Ni{\~{n}}o Influences on Indo-Western Pacific and East Asian Climate in the 1970s}},
volume = {23},
year = {2010}
}
@article{Yu2007,
author = {Yu, Rucong and Zhou, Tianjun},
journal = {J. Climate},
pages = {5344--5355},
title = {{Seasonality and Three-Dimensional Structure of Interdecadal Change in the East Asian Monsoon}},
volume = {20},
year = {2007}
}
@article{Park2014,
author = {Park, Jae-Heung and An, Soon-Il},
doi = {10.1002/2014GL062175},
journal = {Geophys. Res. Lett.},
volume = {41},
pages = {7861-7867},
title = {{Southward displacement of the upper atmosphere zonal Jet in the eastern north Pacific due to global warming}},
year = {2014}
}
@article{Chiang2015,
author = {Chiang, John C.H. and Fung, Inez Y. and Wu, Chi-Hua and Cai, Yanjun and Edman, Jacob P. and Liu, Yuwei and Day, Jesse A. and Bhattacharya, Tripti and Mondal, Yugarshi and Labrousse, Clothilde A.},
doi = {10.1016/j.quascirev.2014.11.009},
journal = {Quat. Sci. Rev.},
pages = {111--129},
title = {{Role of seasonal transitions and westerly jets in East Asian paleoclimate}},
volume = {108},
year = {2015}
}
@incollection{Christensen2011,
address = {Cambridge, United Kingdom and New York, NY, USA},
author = {Christensen, J. H. and {Krishna Kumar}, K. and Aldrian, E. and An, S.-I. and Cavalcanti, I. F. A. and de Castro, M. and Dong, W. and Goswami, P. and Hall, A. and Kanyanga, J. K. and Kitoh, A. and Kossin, J. and Lau, N.-C. and Renwick, J. and Stephenson, D. B. and Xie, S.-P. and Zhou, Tianjun},
booktitle = {Climate Change 2013: The Physical Science Basis. Contribution of Working Group I to the Fifth Assessment Report of the Intergovernmental Panel on Climate Change},
editor = {Stocker, T. F. and Qin, D. and Plattner, G.-K. and Tignor, M. and Allen, S. K. and Boschung, J. and Nauels, A. and Xia, Y. and Bex, V. and Midgley, P. M.},
publisher = {Cambridge University Press},
title = {{Climate Phenomena and their Relevance for Future Regional Climate Change}},
year = {2011}
}
@article{Westervelt2015,
author = {Westervelt, D. M. and Horowitz, L. W. and Naik, V. and Mauzerall, D. L.},
doi = {10.5194/acpd-15-9293-2015},
journal = {Atmos. Chem. Phys. Discuss.},
pages = {9293--9353},
title = {{Radiative forcing and climate response to projected 21st century aerosol decreases}},
volume = {15},
year = {2015}
}
@article{Trenberth2003,
author = {Trenberth, Kevin E. and Dai, Aiguo and Rasmussen, Roy M. and Parsons, David B.},
doi = {10.1175/BAMS-84-9-1205},
journal = {Bull. Am. Meteorol. Soc.},
pages = {1205--1217},
title = {{The Changing Character of Precipitation}},
volume = {84},
year = {2003}
}
@article{Trenberth2011a,
author = {Trenberth, Kevin E.},
doi = {10.3354/cr00953},
journal = {Clim. Res.},
pages = {123--138},
title = {{Changes in precipitation with climate change}},
volume = {47},
year = {2011}
}
@article{Pendergrass2014b,
author = {Pendergrass, Angeline G and Hartmann, Dennis L},
doi = {10.1175/JCLI-D-14-00183.1},
journal = {J. Climate},
pages = {8372--8383},
title = {{Changes in the distribution of rain frequency and intensity in response to global warming}},
volume = {27},
year = {2014}
}
@article{Yatagai2012,
author = {Yatagai, Akiyo and Kamiguchi, Kenji and Arakawa, Osamu and Hamada, Atsushi and Yasutomi, Natsuko and Kitoh, Akio},
doi = {10.1175/BAMS-D-11-00122.1},
journal = {Bull. Am. Meteorol. Soc.},
pages = {1401--1415},
title = {{APHRODITE: Constructing a Long-Term Daily Gridded Precipitation Dataset for Asia Based on a Dense Network of Rain Gauges}},
volume = {93},
year = {2012}
}
@phdthesis{Day2016,
author = {Day, Jesse Alexander},
pages = {151},
title = {{The Dynamics of Precipitation Variability in the Asian Monsoon}},
school = {University of California, Berkeley},
year = {2016}
}
@article{Kajikawa2012,
author = {Kajikawa, Yoshiyuki and Wang, Bin},
doi = {10.1175/JCLI-D-11-00207.1},
journal = {J. Climate},
pages = {3207--3218},
title = {{Interdecadal Change of the South China Sea Summer Monsoon Onset}},
volume = {25},
year = {2012}
}