@article{Yu2010,
author = {Yu, Rucong and Li, Jian and Yuan, Weihua and Chen, Haoming},
isbn = {1520-0442},
issn = {08948755},
journal = {J. Climate},
pages = {3390--3396},
title = {{Changes in characteristics of late-summer precipitation over eastern China in the past 40 years revealed by hourly precipitation data}},
volume = {23},
year = {2010}
}
@phdthesis{Day2016,
author = {Day, Jesse Alexander},
pages = {151},
title = {{The Dynamics of Precipitation Variability in the Asian Monsoon}},
school = {University of California, Berkeley},
year = {2016}
}
@book{VonStorch1999,
address = {Cambridge, UK},
author = {Von Storch, Hans and Zwiers, Francis W.},
pages = {371--374},
publisher = {Cambridge University Press},
title = {{Statistical Analysis in Climate Research}},
year = {1999}
}
@book{Good2005,
address = {New York, NY},
author = {Good, Phillip},
edition = {3rd ed},
publisher = {Springer},
title = {{Permutation, parametric and bootstrap tests of hypotheses}},
year = {2005}
}
@article{Singh2014,
author = {Singh, Deepti and Tsiang, Michael and Rajaratnam, Bala and Diffenbaugh, Noah S.},
doi = {10.1038/NCLIMATE2208},
journal = {Nat. Clim. Chang.},
pages = {456--461},
title = {{Observed changes in extreme wet and dry spells during the South Asian summer monsoon season}},
volume = {4},
year = {2014}
}
